@unpublished{voyage,
author = {Bratus, Sergey and Conti, Greg},
title = {Voyage of the Reverser, A Visual Study of Binary Species},
year = {2010},
note = {blackhat},
URL= {https://media.blackhat.com/bh-us-10/presentations/Bratus_Conti/BlackHat-USA-2010-Bratus-Conti-Voyage-of-a-Reverser-slides.pdf},
}

@unpublished{future,
author = {Domas, Christopher},
title = {The future of RE Dynamic Binary Visualization},
year = {2012},
note = {Defcon},
URL = {https://www.youtube.com/watch?v=4bM3Gut1hIk},
}

